<?xml version="1.0" encoding="UTF-8"?><record xmlns="http://www.loc.gov/MARC21/slim" xmlns:cinclude="http://apache.org/cocoon/include/1.0" xmlns:zs="http://www.loc.gov/zing/srw/">
  <leader>01549cz  a2200313n  4500</leader>
  <controlfield tag="001">n  86712402 </controlfield>
  <controlfield tag="003">DLC</controlfield>
  <controlfield tag="005">20080724075117.0</controlfield>
  <controlfield tag="008">880630n| acabbaaan          |a aaa      </controlfield>
  <datafield tag="010" ind1=" " ind2=" ">
    <subfield code="a">n  86712402 </subfield>
    <subfield code="z">n  88505445 </subfield>
    <subfield code="z">n  97099470 </subfield>
  </datafield>
  <datafield tag="035" ind1=" " ind2=" ">
    <subfield code="a">(OCoLC)oca02311473</subfield>
  </datafield>
  <datafield tag="040" ind1=" " ind2=" ">
    <subfield code="a">DLC</subfield>
    <subfield code="b">eng</subfield>
    <subfield code="c">DLC</subfield>
    <subfield code="d">DLC</subfield>
    <subfield code="d">UkOxU</subfield>
    <subfield code="d">OrU</subfield>
  </datafield>
  <datafield tag="100" ind1="1" ind2=" ">
    <subfield code="a">Shakespeare, William,</subfield>
    <subfield code="d">1564-1616.</subfield>
    <subfield code="t">Works.</subfield>
    <subfield code="f">1963.</subfield>
    <subfield code="s">New American Library</subfield>
  </datafield>
  <datafield tag="400" ind1="1" ind2=" ">
    <subfield code="a">Shakespeare, William,</subfield>
    <subfield code="d">1564-1616.</subfield>
    <subfield code="t">Signet Classic Shakespeare.</subfield>
    <subfield code="f">1963</subfield>
  </datafield>
  <datafield tag="400" ind1="1" ind2=" ">
    <subfield code="a">Shakespeare, William,</subfield>
    <subfield code="d">1564-1616.</subfield>
    <subfield code="t">Signet Classics Shakespeare.</subfield>
    <subfield code="f">1963</subfield>
  </datafield>
  <datafield tag="430" ind1=" " ind2="0">
    <subfield code="a">Signet Classics Shakespeare.</subfield>
    <subfield code="f">1963</subfield>
  </datafield>
  <datafield tag="430" ind1=" " ind2="0">
    <subfield code="a">Signet Classic Shakespeare series.</subfield>
    <subfield code="f">1963</subfield>
  </datafield>
  <datafield tag="430" ind1=" " ind2="0">
    <subfield code="w">nnaa</subfield>
    <subfield code="a">Signet classic Shakespeare</subfield>
  </datafield>
  <datafield tag="643" ind1=" " ind2=" ">
    <subfield code="a">New York</subfield>
    <subfield code="b">Signet Classic</subfield>
    <subfield code="d">some issues.</subfield>
  </datafield>
  <datafield tag="643" ind1=" " ind2=" ">
    <subfield code="a">New York</subfield>
    <subfield code="b">New American Library</subfield>
    <subfield code="a">Markham, Ont.</subfield>
    <subfield code="b">Penguin Books Canada Ltd.</subfield>
    <subfield code="d">some issues.</subfield>
  </datafield>
  <datafield tag="643" ind1=" " ind2=" ">
    <subfield code="a">New York</subfield>
    <subfield code="b">New American Library</subfield>
    <subfield code="d">some issues.</subfield>
  </datafield>
  <datafield tag="644" ind1=" " ind2=" ">
    <subfield code="a">f</subfield>
    <subfield code="5">DLC</subfield>
  </datafield>
  <datafield tag="645" ind1=" " ind2=" ">
    <subfield code="a">t</subfield>
    <subfield code="5">DLC</subfield>
  </datafield>
  <datafield tag="646" ind1=" " ind2=" ">
    <subfield code="a">s</subfield>
    <subfield code="5">DLC</subfield>
  </datafield>
  <datafield tag="667" ind1=" " ind2=" ">
    <subfield code="a">Signet Classic is a sub-imprint of New American Library.</subfield>
  </datafield>
  <datafield tag="670" ind1=" " ind2=" ">
    <subfield code="a">Shakespeare, W. The tragedy of Richard the Third, 1964</subfield>
  </datafield>
  <datafield tag="670" ind1=" " ind2=" ">
    <subfield code="a">Shakespeare, W. Love's labor's lost, 1965.</subfield>
  </datafield>
  <datafield tag="670" ind1=" " ind2=" ">
    <subfield code="a">Shakespeare, W. The tragedy of Titus Andronicus, 2005:</subfield>
    <subfield code="b">CIP t.p. (The Signet Classics Shakespeare; general editor, Sylvan Barnet) CIP t.p. verso (published by Signet Classics, an imprint of New American Library, a division of Penguin Group (USA) Inc.)</subfield>
  </datafield>
  <datafield tag="670" ind1=" " ind2=" ">
    <subfield code="a">The tragedy of King Lear, 1963:</subfield>
    <subfield code="b">t.p. (The Signet Classic Shakespeare)</subfield>
  </datafield>
</record>